<record><leader>00000cas a2200000 a 4500</leader><controlfield tag="001">11106003</controlfield><controlfield tag="008">840830d18901900ksuwr ne      0   a0eng d</controlfield><datafield ind1=" " ind2=" " tag="010"><subfield code="a">sn 84029417 </subfield></datafield><datafield ind1=" " ind2=" " tag="040"><subfield code="a">KSH</subfield><subfield code="b">eng</subfield><subfield code="c">KSH</subfield><subfield code="d">NPT</subfield><subfield code="d">OCL</subfield><subfield code="d">OCLCQ</subfield></datafield><datafield ind1=" " ind2=" " tag="042"><subfield code="a">msc</subfield></datafield><datafield ind1="0" ind2=" " tag="130"><subfield code="a">Enterprise journal (Enterprise, Kan. : 1890)</subfield></datafield><datafield ind1="1" ind2="4" tag="245"><subfield code="a">The Enterprise journal.</subfield></datafield><datafield ind1=" " ind2=" " tag="260"><subfield code="a">Enterprise, Kan. :</subfield><subfield code="b">Enterprise Pub.,</subfield><subfield code="c">1890-1900.</subfield></datafield><datafield ind1=" " ind2=" " tag="300"><subfield code="a">10 v. :</subfield><subfield code="b">ill. ;</subfield><subfield code="c">50-64 cm.</subfield></datafield><datafield ind1=" " ind2=" " tag="310"><subfield code="a">Weekly</subfield></datafield><datafield ind1="0" ind2=" " tag="362"><subfield code="a">Vol. 1, no. 1 (Aug. 21, 1890)-v. 11, no. 5 (Aug. 30, 1900).</subfield></datafield><datafield ind1=" " ind2=" " tag="500"><subfield code="a">"Republican."</subfield></datafield><datafield ind1=" " ind2=" " tag="525"><subfield code="a">Issue for Dec. 28, 1899 has supplement called: Souvenir edition.</subfield></datafield><datafield ind1=" " ind2=" " tag="752"><subfield code="a">United States</subfield><subfield code="b">Kansas</subfield><subfield code="c">Dickinson</subfield><subfield code="d">Enterprise.</subfield></datafield><datafield ind1="0" ind2="0" tag="780"><subfield code="t">Enterprise independent</subfield><subfield code="w">(DLC)sn 84029414</subfield></datafield><datafield ind1="0" ind2="0" tag="785"><subfield code="t">Enterprise eagle</subfield><subfield code="w">(DLC)sn 84029418</subfield></datafield></record>